@InProceedings{Jure2017_Timeline,
  author    = {Jure, Luis},
  booktitle = {44\textsuperscript{th} ICTM World Conference},
  title     = {{Timeline Patterns in Uruguayan Candombe drumming}},
  year      = {2017},
  address   = {Limerick, Ireland},
  month     = 07,
}
