@InCollection{Jure2013_Principios,
  author    = {Jure, Luis},
  booktitle = {{La música entre África y América}},
  publisher = {Centro Nacional de Documentación Musical Lauro Ayestarán},
  title     = {{Principios Generativos del Toque de Repique del Candombe}},
  year      = {2013},
  address   = {Montevideo, Uruguay},
  editor    = {{Coriún Aharonián}},
  isbn      = {978-9974-36-231-4},
  pages     = {263--291},
}
