@InProceedings{Jure2016_Microtiming,
  author    = {Jure, Luis and Rocamora, Mart√≠n},
  booktitle = {Fourth International Conference on Analytical Approaches to World Music},
  title     = {{Microtiming in the rhythmic structure of Candombe drumming patterns}},
  year      = {2016},
  month     = 06,
  address   = {New York, USA},
}
