@InProceedings{Rocamora2019_carat,
	author	=	"Rocamora, Mart√≠n and Jure, Luis",
	title	=	{{\texttt{carat}: A toolbox for computer-aided rhythm analysis}},
	year	=	"2019",
	address	=	"Birmingham, UK",
	month	=	"07",
	booktitle = "1st Analytical Approaches to World Music Special Topics Symposium (AAWM)",
	url	=	"/http://www.eumus.edu.uy/docentes/jure/publicaciones/2019_carat_AAWM.pdf"
}

