@inproceedings{Fuentes2019_Tracking,
  author    = {Fuentes, Magdalena and Maia, Lucas Simões and Rocamora, Martín and Biscainho, Luiz W. P. and Crayencour, Helene C. and Essid, Slim and Bello, Juan P.},
  booktitle = {ISMIR 2019 : 20th Conference of the International Society for Music Information Retrieval},
  year      = {2019},
  month = {10},
  pages     = {1--8},
  address = {Delft, Netherlands},
  title     = {Tracking beats and microtiming in afro-latin american music using conditional random fields and deep learning},
}
