@InProceedings{Marenco2018_Reconocimiento,
  author       = "Marenco, Bernardo and Rocamora, Martín",
  title        = "Reconocimiento de patrones rítmicos en música de percusión a partir de señales de audio",
  booktitle    = "AES LAC 2018 - Congreso Latinoamericano de Ingeniería de Audio, Montevideo, Uruguay",
  pages        = "1--3",
  year         = "2018",
  url          = "https://iie.fing.edu.uy/publicaciones/2018/MR18"
}
