@InProceedings{Jure1992_Perico,
  author    = {Jure, Luis},
  eventtitle = {VII Jornadas Argentinas de Musicología--VI Conferencia Anual de la Asociación Argentina de Musicología},
  title     = {{¡`Perico, suba ahí!' Pautación y análisis de un solo de repique de Pedro `Perico' Gularte}},
  year      = {1992},
  month     = 10,
  address   = {Córdoba, Argentina},
}
