@InProceedings{Jure2018_Improvisation,
  author     = {Jure, Luis},
  booktitle  = {Fifth International Conference on Analytical Approaches to World Music},
  title      = {{Improvisation techniques of the repique drum in Uruguayan Candombe drumming}},
  year       = {2018},
  address    = {Thessaloniki, Greece},
  month      = 06,
  day        = {26-29},
  eventtitle = {Fifth International Conference on Analytical Approaches to World Music},
}
