@InProceedings{Rocamora2014_Tools,
  author    = {Rocamora, Mart√≠n and Jure, Luis and Biscainho, Luiz W. P.},
  booktitle = {Proceedings of the 9th Conference on Interdisciplinary Musicology (CIM 2014)},
  title     = {Tools for detection and classification of piano drum patterns from candombe recordings},
  year      = {2014},
  address   = {Berlin, Germany},
  month     = 12,
  pages     = {382--387},
}
