@InProceedings{Marenco2015_Multimodal,
  author    = {Marenco, Bernardo and Fuentes, Magdalena and Lanzaro, Florencia and Rocamora, Martín and Gómez, Alvaro},
  booktitle = {Proceedings of the 20th Iberoamerican Congress on Pattern Recognition (CIARP 2015)},
  title     = {A multimodal approach for percussion music transcription from audio and video},
  year      = {2015},
  address   = {Montevideo, Uruguay},
  editor    = {Pardo, Alvaro and Kittler, Josef},
  month     = 11,
  pages     = {92--99},
  publisher = {Springer International Publishing},
  url       = {http://link.springer.com/chapter/10.1007/978-3-319-25751-8_12},
}
