@InProceedings{Maia2022_Adapting,
  author       = "Maia, Lucas Simões and Rocamora, Martín and Biscainho, Luiz W. P. and Fuentes, Magdalena",
  title        = "Adapting meter tracking models to Latin American music",
  booktitle    = "Proceedings of the 23rd International Society for Music Information Retrieval Conference, ISMIR, Bengaluru, India, 4-8 dec",
  pages        = "361--368",
  year         = "2022",
  publisher    = "ISMIR",
  url          = "https://iie.fing.edu.uy//publicaciones/2022/MRBF22"
}
