@Article{Clayton2021_IEMP,
  author    = {Clayton, Martin and Tarsitani, Simone and Eerola, Tuomas and Jakubowski, Kelly and Leante, Laura and Jankowsky, Richard and Jure, Luis and Rocamora, Mart√≠n and Polak, Rainer and Jacoby, Nori and Poole, Adrian and Camurri, Antonio},
  journal   = {Empirical Musicology Review},
  title     = {{The Interpersonal Entrainment in Music Performance Data Collection}},
  year      = {2021},
  month     = {12},
  number    = {1},
  pages     = {65--84},
  volume    = {16},
  doi       = {10.18061/emr.v16i1.7555},
  publisher = {The Ohio State University Libraries},
  url       = {https://doi.org/10.18061%2Femr.v16i1.7555},
}
