@PhdThesis{Rocamora2018_Computational,
  author  = {Rocamora, Martín},
  school  = {Universidad de la República},
  title   = {Computational methods for percussion music analysis: The Afro-Uruguayan Candombe drumming as a case study},
  year    = {2018},
  address = {Montevideo, Uruguay},
}