@Article{Rocamora2019_Information,
  author       = {Rocamora, Mart√≠n and Cancela, Pablo and Biscainho, Luiz W. P.},
  title        = {Information theory concepts applied to the analysis of rhythm in recorded music with recurrent rhythmic patterns},
  journal      = {Journal of the Audio Engineering Society (AES)},
  number       = {4},
  volume       = {67},
  pages        = {160--173},
  month        = {04},
  year         = {2019}
}
