@Misc{Jure2022_Piano,
  author  = {Luis Jure},
  conference = {Seventh International Conference on Analytical Approaches to World Music (AAWM 2022)},
  title   = {{The piano drum style of Gustavo Oviedo, candombe master drummer}},
  year    = {2022},
  month = {06},
}
