@InProceedings{Jure2018_Subir,
  author    = {Jure, Luis and Rocamora, Mart√≠n},
  booktitle = {Eigth International Workshop on Folk Music Analysis},
  title     = {{\emph{Subir la llamada}: negotiating tempo and dynamics in Uruguayan Candombe drumming}},
  year      = {2018},
  address   = {Thessaloniki, Greece},
}

