@InProceedings{Jure1992_Cortes,
  author    = {Jure, Luis and Picún, Olga},
  eventtitle = {VII Jornadas Argentinas de Musicología--VI Conferencia Anual de la Asociación Argentina de Musicología},
  title     = {{Los cortes de los tambores. Aspectos musicales y funcionales de las paradas en las llamadas de los tambores afro--montevideanos}},
  year      = {1992},
  month     = 10,
  address   = {Córdoba, Argentina},
}
