@InProceedings{Nunes2015_Beat,
  author    = {Nunes, Leonardo and Rocamora, Martín and Jure, Luis and Biscainho, Luiz W. P.},
  booktitle = {Proceedings of the 16th International Society for Music Information Retrieval Conference (ISMIR 2015)},
  title     = {{Beat and downbeat tracking based on rhythmic patterns applied to the Uruguayan candombe drumming}},
  year      = {2015},
  address   = {Málaga, Spain},
  month     = 10,
  pages     = {246--270},
  url       = {http://ismir2015.uma.es/articles/95_Paper.pdf},
}
