@InProceedings{Rocamora2015_Audio,
  author    = {Rocamora, Martín and Jure, Luis and Marenco, Bernardo and Fuentes, Magdalena and Lanzaro, Florencia and Gómez, Alvaro},
  booktitle = {Proceedings of the II Congreso Internacional de Ciencia y Tecnología Musical (CICTeM 2015)},
  title     = {An audio-visual database of candombe of performances for computational musicological studies},
  year      = {2015},
  address   = {Buenos Aires, Argentina},
  month     = 09,
  pages     = {17--24},
}
