@InProceedings{Jure2017_Clave,
  author    = {Jure, Luis and Rocamora, Mart√≠n},
  booktitle = {16th Rhythm Production and Perception Workshop},
  title     = {{Clave patterns in Uruguayan candombe drumming}},
  year      = {2017},
  address   = {Birmingham, UK},
  month     = 07,
}
