@InProceedings{Jure2020_Tempo,
  author    = {Jure, Luis and Rocamora, Martín},
  booktitle = {Analytical Approaches to World Music},
  title     = {{Tempo, Micro–tempo and Dynamics in Uruguayan Candombe Drumming}},
  year      = {2021},
  month = {07},
  address = {Paris, France}
}
